<collection xmlns="http://www.loc.gov/MARC21/slim">
<record>
  <leader>01246nam0a2200229 i 450 </leader>
  <controlfield tag="001">IT\ICCU\CNCE\016903</controlfield>
  <controlfield tag="005">20140410000000.0</controlfield>
  <datafield tag="012" ind1=" " ind2=" ">
    <subfield code="a">rete ree. rere EtCh (C) 1517 (R)</subfield>
    <subfield code="2">fei</subfield>
  </datafield>
  <datafield tag="100" ind1=" " ind2=" ">
    <subfield code="a">19970101d1517        0itac0103    ba</subfield>
  </datafield>
  <datafield tag="101" ind1=" " ind2=" ">
    <subfield code="a">ITA</subfield>
  </datafield>
  <datafield tag="102" ind1=" " ind2=" ">
    <subfield code="a">IT</subfield>
  </datafield>
  <datafield tag="200" ind1="1" ind2=" ">
    <subfield code="a">Libro chiamato Desir chi tracta de vno adolescente chi cercha de andare a honore e prosperitade e a la fine se trouato al paradiso con grandissimi impedimenti so sie de li septi peccati mortali ma con adiutorio de madona doctrina humilitade solicitudine mansuetudine &amp; quella brigata come appare nel sequente come voy vederiti</subfield>
  </datafield>
  <datafield tag="210" ind1=" " ind2=" ">
    <subfield code="e">Impressum in Monte Regali</subfield>
    <subfield code="g">per Iosephum Berruerium</subfield>
    <subfield code="h">1517 die XV mensis Decembris</subfield>
  </datafield>
  <datafield tag="215" ind1=" " ind2=" ">
    <subfield code="a">\28! c.</subfield>
    <subfield code="c">ill.</subfield>
    <subfield code="d">4ʻ</subfield>
  </datafield>
  <datafield tag="10" ind1="I" ind2="T">
    <subfield code="I">CCU\CNCE\050846</subfield>
    <subfield code="1">2001 </subfield>
    <subfield code="a">Desir chi tracta de vno adolescente chi cercha de andare a honore e prosperitate.</subfield>
  </datafield>
  <datafield tag="620" ind1=" " ind2=" ">
    <subfield code="a">IT</subfield>
    <subfield code="d">Mondov</subfield>
  </datafield>
  <datafield tag="712" ind1="0" ind2="0">
    <subfield code="a">Berruerio, Giuseppe</subfield>
    <subfield code="3">IT\ICCU\CNCT\000388</subfield>
    <subfield code="4">650</subfield>
  </datafield>
  <datafield tag="791" ind1="0" ind2="0">
    <subfield code="a">Berrueris, Iosephus de</subfield>
    <subfield code="3">IT\ICCU\CNCT\004348</subfield>
    <subfield code="z">Berruerio, Giuseppe</subfield>
  </datafield>
  <datafield tag="791" ind1="0" ind2="0">
    <subfield code="a">Berrueri, Ioseph</subfield>
    <subfield code="3">IT\ICCU\CNCT\004349</subfield>
    <subfield code="z">Berruerio, Giuseppe</subfield>
  </datafield>
  <datafield tag="791" ind1="0" ind2="0">
    <subfield code="a">Berruerius, Iosephus</subfield>
    <subfield code="3">IT\ICCU\CNCT\004350</subfield>
    <subfield code="z">Berruerio, Giuseppe</subfield>
  </datafield>
  <datafield tag="801" ind1=" " ind2="3">
    <subfield code="a">IT</subfield>
    <subfield code="b">ICCU</subfield>
    <subfield code="c">20201114</subfield>
  </datafield>
  <datafield tag="899" ind1=" " ind2=" ">
    <subfield code="a">Biblioteca Reale. Torino</subfield>
    <subfield code="1">TO0263</subfield>
    <subfield code="2">TO0 07</subfield>
  </datafield>
</record>
</collection>
